<record><leader>00000cas a22000007a 4500</leader><controlfield tag="001">12547225</controlfield><controlfield tag="008">850913d192u1924mtuwr ne      0    0eng d</controlfield><datafield ind1=" " ind2=" " tag="010"><subfield code="a">sn 85053269 </subfield></datafield><datafield ind1=" " ind2=" " tag="040"><subfield code="a">MTL</subfield><subfield code="b">eng</subfield><subfield code="c">MTL</subfield><subfield code="d">OCLCQ</subfield></datafield><datafield ind1=" " ind2=" " tag="042"><subfield code="a">msc</subfield></datafield><datafield ind1="0" ind2="0" tag="245"><subfield code="a">Roosevelt County independent.</subfield></datafield><datafield ind1=" " ind2=" " tag="260"><subfield code="a">Poplar, Mont. :</subfield><subfield code="b">Independent Pub. Co.,</subfield><subfield code="c">-1924.</subfield></datafield><datafield ind1=" " ind2=" " tag="300"><subfield code="a">v. :</subfield><subfield code="b">ill.</subfield></datafield><datafield ind1=" " ind2=" " tag="310"><subfield code="a">Weekly</subfield></datafield><datafield ind1="0" ind2=" " tag="362"><subfield code="a">-v. 13, no. 49 (Dec. 5, 1924).</subfield></datafield><datafield ind1="1" ind2=" " tag="362"><subfield code="a">Began with June 10, 1921?</subfield></datafield><datafield ind1=" " ind2=" " tag="500"><subfield code="a">Place of publication varies: Poplar, &lt;June 24, 1921&gt;-Aug. 22, 1924; Wolf Point, Aug. 29-Dec. 5, 1924.</subfield></datafield><datafield ind1=" " ind2=" " tag="500"><subfield code="a">"Republican," &lt;June 24, 1921&gt;-Oct. 13, 1922; "a Farmers Nonpartisan League newspaper, " Oct. 20, 1922-Dec. 5, 1924.</subfield></datafield><datafield ind1=" " ind2=" " tag="580"><subfield code="a">Continues: Flaxville American (non-extant).</subfield></datafield><datafield ind1=" " ind2=" " tag="588"><subfield code="a">Description based on: Vol. 10, no. 25 (June 24, 1921).</subfield></datafield><datafield ind1=" " ind2=" " tag="752"><subfield code="a">United States</subfield><subfield code="b">Montana</subfield><subfield code="c">Roosevelt</subfield><subfield code="d">Poplar.</subfield></datafield><datafield ind1=" " ind2=" " tag="752"><subfield code="a">United States</subfield><subfield code="b">Montana</subfield><subfield code="c">Roosevelt</subfield><subfield code="d">Wolf Point.</subfield></datafield><datafield ind1="1" ind2="0" tag="780"><subfield code="t">Flaxville American</subfield></datafield><datafield ind1="0" ind2="4" tag="785"><subfield code="t">Producers news (Plentywood, Mont.)</subfield><subfield code="g">Dec. 12, 1924</subfield><subfield code="w">(DLC)sn 85053305</subfield></datafield><datafield ind1="1" ind2=" " tag="029"><subfield code="a">AU@</subfield><subfield code="b">000023435397</subfield></datafield></record>